@online{ref:numpy,
    title = {NumPy},
    url   = {https://numpy.org/}
}

@online{ref:numba,
    title = {Numba},
    url   = {https://numba.pydata.org/}
}

@online{ref:mypy,
    title = {Mypy: Optional Static Typing for Python},
    url   = {http://mypy-lang.org/}
}

@online{ref:numbajit,
    title = {Compiling Python Code with @jit},
    url   = {https://numba.readthedocs.io/en/stable/user/jit.html}
}

@online{ref:cvfilter,
    title = {OpenCV: Image filtering -- cv::filter2D},
    url   = {https://docs.opencv.org/4.5.0/d4/d86/group__imgproc__filter.html#ga27c049795ce870216ddfb366086b5a04}
}

@online{ref:corrconv,
    title  = {Correlation and Convolution},
    url    = {https://www.cs.umd.edu/~djacobs/CMSC426/Convolution.pdf},
    author = {David Jacobs}
}

@online{ref:wikiconv,
    title = {Convolution -- Wikipedia},
    url   = {https://en.wikipedia.org/wiki/Convolution}
}

@online{ref:cvflip,
    title = {OpenCV: Operations on arrays -- cv::flip},
    url   = {https://docs.opencv.org/4.5.0/d2/de8/group__core__array.html#gaca7be533e3dac7feb70fc60635adf441}
}

@online{ref:gaussian,
    title = {Spatial Filters -- Gaussian Smoothing},
    url   = {https://homepages.inf.ed.ac.uk/rbf/HIPR2/gsmooth.htm},
    urldate = {2020-10-22}
}

@online{ref:laplacian,
    title = {Spatial Filters -- Laplacian / Laplacian of Gaussian},
    url   = {https://homepages.inf.ed.ac.uk/rbf/HIPR2/log.htm},
    urldate = {2020-10-22}
}

@online{ref:linedet,
    title = {Line Detection},
    url   = {https://homepages.inf.ed.ac.uk/rbf/HIPR2/linedet.htm},
    urldate = {2020-10-22}
}

@online{ref:gaussian-lowpass,
    title = {Gaussian Blur -- Wikipedia},
    url   = {https://en.wikipedia.org/wiki/Gaussian_blur#Low-pass_filter}
}

@online{ref:sobel,
    title = {Sobel operator -- Wikipedia},
    url   = {https://en.wikipedia.org/wiki/Sobel_operator}
}

@online{ref:prewitt,
    title = {Prewitt operator -- Wikipedia},
    url   = {https://en.wikipedia.org/wiki/Prewitt_operator}
}

@online{ref:sharpen,
    title = {Sharpening an Image},
    url   = {https://northstar-www.dartmouth.edu/doc/idl/html_6.2/Sharpening_an_Image.html},
    urldate = {2020-10-22}
}
